@article{pisano2014simulating,
  title={Simulating stiffness degradation and damping in soils via a simple visco-elastic--plastic model},
  author={Pisan{\`o}, Federico and Jeremi{\'c}, Boris},
  journal={Soil Dynamics and Earthquake Engineering},
  volume={63},
  pages={98--109},
  year={2014},
  publisher={Elsevier}
}

@article{bielak2003domain,
  title={Domain reduction method for three-dimensional earthquake modeling in localized regions, Part I: Theory},
  author={Bielak, Jacobo and Loukakis, Kostas and Hisada, Yoshiaki and Yoshimura, Chiaki},
  journal={Bulletin of the Seismological Society of America},
  volume={93},
  number={2},
  pages={817--824},
  year={2003},
  publisher={Seismological Society of America}
}

@article{yoshimura2003domain,
  title={Domain reduction method for three-dimensional earthquake modeling in localized regions, part II: Verification and applications},
  author={Yoshimura, Chiaki and Bielak, Jacobo and Hisada, Yoshiaki and Fern{\'a}ndez, Antonio},
  journal={Bulletin of the Seismological Society of America},
  volume={93},
  number={2},
  pages={825--841},
  year={2003},
  publisher={Seismological Society of America}
}

@article{faccioli2005comment,
  title={Comment on “Domain Reduction Method for Three-Dimensional Earthquake Modeling in Localized Regions, Part I: Theory,” by J. Bielak, K. Loukakis, Y. Hisada, and C. Yoshimura, and “Part II: Verification and Applications,” by C. Yoshimura, J. Bielak, Y. Hisada, and A. Fern{\'a}ndez},
  author={Faccioli, E and Vanini, M and Paolucci, R and Stupazzini, M},
  journal={Bulletin of the Seismological Society of America},
  volume={95},
  number={2},
  pages={763--769},
  year={2005},
  publisher={Seismological Society of America}
}







%%%%%%%%%%%%%%%%%%%%%%%%%%%%%%%%%%%%%%%%%%%%%%%%%%%%




book{timoshenko1959theory,
  title={Theory of plates and shells},
  author={Timoshenko, Stephen and Woinowsky-Krieger, Sergius and Woinowsky-Krieger, S},
  volume={2},
  year={1959},
  publisher={McGraw-hill New York}
}

book{chopra1995dynamics,
  title={Dynamics of structures},
  author={Chopra, Anil K},
  volume={3},
  year={1995},
  publisher={Prentice Hall New Jersey}
}


article{neumaier1998solving,
  title={Solving ill-conditioned and singular linear systems: A tutorial on regularization},
  author={Neumaier, Arnold},
  journal={SIAM review},
  volume={40},
  number={3},
  pages={636--666},
  year={1998},
  publisher={SIAM}
}


article{hallcomparison,
  title={COMPARISON OF INVERSION TECHNIQUES FOR ILL-CONDITIONED MATRICES},
  author={HALL, DW}
}